<record><leader>00000cas a2200000 a 4500</leader><controlfield tag="001">35963799</controlfield><controlfield tag="008">961120d184918uumiuwr ne      0    0eng c</controlfield><datafield ind1=" " ind2=" " tag="010"><subfield code="a">sn 96077278 </subfield></datafield><datafield ind1=" " ind2=" " tag="040"><subfield code="a">MHN</subfield><subfield code="b">eng</subfield><subfield code="c">MHN</subfield><subfield code="d">OCL</subfield><subfield code="d">OCLCQ</subfield><subfield code="d">OCLCF</subfield><subfield code="d">OCLCO</subfield></datafield><datafield ind1="1" ind2=" " tag="029"><subfield code="a">AU@</subfield><subfield code="b">000012971711</subfield></datafield><datafield ind1=" " ind2=" " tag="042"><subfield code="a">pcc</subfield></datafield><datafield ind1=" " ind2=" " tag="043"><subfield code="a">n-us-mi</subfield></datafield><datafield ind1="0" ind2="4" tag="245"><subfield code="a">The Monroe weekly commercial and Southern Michigan advocate.</subfield></datafield><datafield ind1="1" ind2="7" tag="246"><subfield code="a">Monroe commercial</subfield></datafield><datafield ind1="3" ind2=" " tag="246"><subfield code="a">Monroe commercial and Southern Michigan advocate</subfield></datafield><datafield ind1="1" ind2="3" tag="246"><subfield code="a">Monroe weekly advocate</subfield></datafield><datafield ind1="3" ind2=" " tag="246"><subfield code="a">Commercial</subfield></datafield><datafield ind1=" " ind2=" " tag="260"><subfield code="a">Monroe, Mich. :</subfield><subfield code="b">Spears &amp; Morton</subfield></datafield><datafield ind1=" " ind2=" " tag="300"><subfield code="a">v.</subfield></datafield><datafield ind1=" " ind2=" " tag="310"><subfield code="a">Weekly</subfield></datafield><datafield ind1="1" ind2=" " tag="362"><subfield code="a">Began in 1849?</subfield><subfield code="z">Cf. Brown, E.A union list of newspapers published in Michigan.</subfield></datafield><datafield ind1=" " ind2=" " tag="500"><subfield code="a">"Weekly" appears in small print above masthead ornament, &lt;Aug. 16, 1849&gt; -&lt;Aug. 11, 1853&gt;.</subfield></datafield><datafield ind1=" " ind2=" " tag="580"><subfield code="a">Continues: Monroe advocate?</subfield></datafield><datafield ind1=" " ind2=" " tag="580"><subfield code="a">Continued by: Monroe commercial?</subfield></datafield><datafield ind1=" " ind2=" " tag="588"><subfield code="a">Description based on: Vol. 9, no. 21 (May 10, 1849).</subfield></datafield><datafield ind1=" " ind2="0" tag="651"><subfield code="a">Monroe (Mich.)</subfield><subfield code="v">Newspapers.</subfield></datafield><datafield ind1=" " ind2="0" tag="651"><subfield code="a">Monroe County (Mich.)</subfield><subfield code="v">Newspapers.</subfield></datafield><datafield ind1=" " ind2="7" tag="655"><subfield code="a">Newspapers.</subfield><subfield code="2">fast</subfield><subfield code="0">(OCoLC)fst01423814</subfield></datafield><datafield ind1=" " ind2="7" tag="651"><subfield code="a">Michigan</subfield><subfield code="z">Monroe.</subfield><subfield code="2">fast</subfield><subfield code="0">(OCoLC)fst01215911</subfield></datafield><datafield ind1=" " ind2="7" tag="651"><subfield code="a">Michigan</subfield><subfield code="z">Monroe County.</subfield><subfield code="2">fast</subfield><subfield code="0">(OCoLC)fst01215990</subfield></datafield><datafield ind1=" " ind2=" " tag="752"><subfield code="a">United States</subfield><subfield code="b">Michigan</subfield><subfield code="c">Monroe</subfield><subfield code="d">Monroe.</subfield></datafield><datafield ind1="1" ind2="0" tag="780"><subfield code="t">Monroe advocate</subfield><subfield code="w">(DLC)sn 83016411</subfield><subfield code="w">(OCoLC)9801880</subfield></datafield><datafield ind1="1" ind2="0" tag="785"><subfield code="t">Monroe commercial</subfield><subfield code="w">(DLC)sn 85033739</subfield><subfield code="w">(OCoLC)12224845</subfield></datafield></record>